@book{latex,
  title = {LaTeX : A Documentation Preparation System User's Guide and Reference Manual},
  publisher = {Addison-Wesley Professional},
  year = {1994},
  author = {Leslie Lamport}
}

@article{markowitz1952portfolio,
    author = {Markowitz, Harry},
    title = {Portfolio Selection},
    journal = {The Journal of Finance},
    volume = {7},
    number = {1},
    pages = {77--91},
    year = {1952}
}

@article{sharpe1964capital,
    author = {Sharpe, William F.},
    title = {Capital Asset Prices: A Theory of Market Equilibrium under Conditions of Risk},
    journal = {The Journal of Finance},
    volume = {19},
    number = {3},
    pages = {425--442},
    year = {1964}
}

@article{lintner1965security,
    author = {Lintner, John},
    title = {The Valuation of Risk Assets and the Selection of Risky Investments in Stock Portfolios and Capital Budgets},
    journal = {The Review of Economics and Statistics},
    volume = {47},
    number = {1},
    pages = {13--37},
    year = {1965}
}

@article{mossin1966equilibrium,
    author = {Mossin, Jan},
    title = {Equilibrium in a Capital Asset Market},
    journal = {Econometrica},
    volume = {34},
    number = {4},
    pages = {768--783},
    year = {1966}
}

@book{qian2005risk,
    author = {Qian, Edward},
    title = {Risk Parity Portfolios: Efficient Portfolios Through True Diversification},
    publisher = {Panagora Asset Management},
    year = {2005}
}

@article{heaton2017deep,
    author = {Heaton, James B. and Polson, Nicholas G. and Witte, Jan Hendrik},
    title = {Deep Learning for Finance: Deep Portfolios},
    journal = {Applied Stochastic Models in Business and Industry},
    volume = {33},
    number = {1},
    pages = {3--12},
    year = {2017}
}


